<record xmlns="http://www.loc.gov/MARC21/slim" xmlns:xsi="http://www.w3.org/2001/XMLSchema-instance" xsi:schemaLocation="http://www.loc.gov/MARC21/slim http://www.loc.gov/standards/marcxml/schema/MARC21slim.xsd"><leader>03000nam a2200481   4500</leader><controlfield tag="001">3072149</controlfield><controlfield tag="003">NNC</controlfield><controlfield tag="006">m        d        </controlfield><controlfield tag="007">cr cn |||m|||a</controlfield><controlfield tag="008">150110s1954    ua hj   ob    001 0 araod</controlfield><datafield ind1=" " ind2=" " tag="040"><subfield code="a">NNU</subfield><subfield code="b">eng</subfield><subfield code="e">rda</subfield><subfield code="c">NNU</subfield></datafield><datafield ind1=" " ind2=" " tag="043"><subfield code="a">ff-----</subfield><subfield code="a">aw-----</subfield></datafield><datafield ind1=" " ind2="4" tag="050"><subfield code="a">DT95.78.M88</subfield><subfield code="b">A4 1954</subfield></datafield><datafield ind1="0" ind2=" " tag="100"><subfield code="6">880-01</subfield><subfield code="a">Mustans&#803;ir billa&#772;h,</subfield><subfield code="c">Fatimid Caliph,</subfield><subfield code="d">1029-1094.</subfield></datafield><datafield ind1="1" ind2="3" tag="245"><subfield code="6">880-02</subfield><subfield code="a">al-Sijilla&#772;t al-Mustans&#803;iri&#772;yah :</subfield><subfield code="b">sijilla&#772;t wa-tawqi&#772;&#699;a&#772;t wa-kutub li-Mawla&#772;na&#772; al-Ima&#772;m al-Mustans&#803;ir bi-Alla&#772;h Ami&#772;r al-Mu&#700;mini&#772;n, s&#803;alawa&#772;t Alla&#772;h &#699;alayh, ila&#769; du&#699;a&#772;t al-yumn wa-ghayrihim quddisa Alla&#772;h arwa&#772;h&#803; jami&#772;&#699; al-mu&#700;mini&#772;n /</subfield><subfield code="c">taqdi&#772;m wa tah&#803;qi&#772;q &#699;Abd al-Mun&#699;im Ma&#772;jid.</subfield></datafield><datafield ind1=" " ind2=" " tag="260"><subfield code="6">880-03</subfield><subfield code="a">[al-Qa&#772;hirah] :</subfield><subfield code="b">Da&#772;r al-Fikr al-&#699;Arabi&#772;,</subfield><subfield code="c">1954.</subfield></datafield><datafield ind1=" " ind2=" " tag="300"><subfield code="a">online resource (234 pages) :</subfield><subfield code="b">facsimiles, genealogical table</subfield></datafield><datafield ind1=" " ind2=" " tag="336"><subfield code="a">text</subfield><subfield code="2">rdacontent</subfield></datafield><datafield ind1=" " ind2=" " tag="337"><subfield code="a">computer</subfield><subfield code="2">rdamedia</subfield></datafield><datafield ind1=" " ind2=" " tag="338"><subfield code="a">online resource</subfield><subfield code="2">rdacarrier</subfield></datafield><datafield ind1=" " ind2=" " tag="500"><subfield code="a">Part of the Arabic Collections Online (ACO) project, contributed by Columbia University Libraries.</subfield></datafield><datafield ind1=" " ind2=" " tag="504"><subfield code="a">Includes bibliographical references (pages 230-231) and indexes.</subfield></datafield><datafield ind1=" " ind2=" " tag="533"><subfield code="a">Electronic reproduction.</subfield><subfield code="b">New York, N.Y. :</subfield><subfield code="c">New York University,</subfield><subfield code="d">2015.</subfield><subfield code="5">NNU</subfield></datafield><datafield ind1="0" ind2="0" tag="600"><subfield code="a">Mustans&#803;ir billa&#772;h,</subfield><subfield code="c">Fatimid Caliph,</subfield><subfield code="d">1029-1094</subfield><subfield code="v">Correspondence.</subfield></datafield><datafield ind1=" " ind2="0" tag="651"><subfield code="a">Egypt</subfield><subfield code="x">History</subfield><subfield code="y">640-1250</subfield><subfield code="v">Sources.</subfield></datafield><datafield ind1="1" ind2="4" tag="600"><subfield code="a">Mustansir billa&#772;h, Abu Tamim,</subfield><subfield code="c">Fatimid Caliph,</subfield><subfield code="d">1029-1094</subfield><subfield code="x">Correspondence.</subfield></datafield><datafield ind1="0" ind2="7" tag="600"><subfield code="a">Mustans&#803;ir billa&#772;h,</subfield><subfield code="c">Fatimid Caliph,</subfield><subfield code="d">1029-1094.</subfield><subfield code="2">fast</subfield><subfield code="0">(OCoLC)fst00333106</subfield></datafield><datafield ind1=" " ind2="7" tag="651"><subfield code="a">Egypt.</subfield><subfield code="2">fast</subfield><subfield code="0">(OCoLC)fst01208755</subfield></datafield><datafield ind1=" " ind2="7" tag="648"><subfield code="a">640 - 1250</subfield><subfield code="2">fast</subfield></datafield><datafield ind1=" " ind2="7" tag="655"><subfield code="a">Records and correspondence.</subfield><subfield code="2">fast</subfield><subfield code="0">(OCoLC)fst01423917</subfield></datafield><datafield ind1=" " ind2="7" tag="655"><subfield code="a">Sources.</subfield><subfield code="2">fast</subfield><subfield code="0">(OCoLC)fst01423900</subfield></datafield><datafield ind1="1" ind2=" " tag="700"><subfield code="6">880-04</subfield><subfield code="a">Ma&#772;jid, &#699;Abd al-Mun&#699;im.</subfield></datafield><datafield ind1="2" ind2=" " tag="710"><subfield code="a">Columbia University.</subfield><subfield code="b">Libraries.</subfield></datafield><datafield ind1="0" ind2=" " tag="730"><subfield code="a">Arabic Collections Online.</subfield></datafield><datafield ind1="0" ind2="8" tag="776"><subfield code="i">Online version:</subfield><subfield code="a">Mustans&#803;ir billa&#772;h, Fatimid Caliph, 1029-1094.</subfield><subfield code="t">Sijilla&#772;t al-Mustans&#803;iri&#772;yah.</subfield><subfield code="d">[al-Qa&#772;hirah] : Da&#772;r al-Fikr al-&#699;Arabi&#772;, 1954</subfield><subfield code="w">(OCoLC)776094334</subfield></datafield><datafield ind1="0" ind2="8" tag="776"><subfield code="i">Print version:</subfield><subfield code="a">Mustans&#803;ir billa&#772;h, Fatimid Caliph, 1029-1094.</subfield><subfield code="t">al-Sijilla&#772;t al-Mustans&#803;iri&#772;yah</subfield><subfield code="w">(NNC)3072149</subfield><subfield code="w">(OCoLC)6810330</subfield></datafield><datafield ind1="4" ind2="0" tag="856"><subfield code="u">http://hdl.handle.net/2333.1/0zpc881s</subfield></datafield><datafield ind1="0" ind2=" " tag="880"><subfield code="6">100-01/r</subfield><subfield code="a">&#1605;&#1587;&#1578;&#1606;&#1589;&#1585; &#1576;&#1575;&#1604;&#1604;&#1607;&#1548;</subfield><subfield code="c">Fatimid Caliph&#1548;,</subfield><subfield code="d">1029-1094.</subfield></datafield><datafield ind1="1" ind2="2" tag="880"><subfield code="6">245-02/r</subfield><subfield code="a">&#1575;&#1604;&#1587;&#1580;&#1604;&#1575;&#1578; &#1575;&#1604;&#1605;&#1587;&#1578;&#1606;&#1589;&#1585;&#1610;&#1577; :</subfield><subfield code="b">&#1587;&#1580;&#1604;&#1575;&#1578; &#1608;&#1578;&#1608;&#1602;&#1610;&#1593;&#1575;&#1578; &#1608;&#1603;&#1578;&#1576; &#1604;&#1605;&#1608;&#1604;&#1575;&#1606;&#1575; &#1575;&#1604;&#1575;&#1605;&#1575;&#1605; &#1575;&#1604;&#1605;&#1587;&#1578;&#1606;&#1589;&#1585; &#1576;&#1604;&#1604;&#1607; &#1575;&#1605;&#1610;&#1585; &#1575;&#1604;&#1605;&#1572;&#1605;&#1606;&#1610;&#1606;&#1548; &#1589;&#1604;&#1608;&#1575;&#1578; &#1575;&#1604;&#1604;&#1607; &#1593;&#1604;&#1610;&#1607;&#1548; &#1575;&#1604;&#1609; &#1583;&#1593;&#1575;&#1578; &#1575;&#1604;&#1610;&#1605;&#1606; &#1608;&#1594;&#1610;&#1585;&#1607;&#1605; &#1602;&#1583;&#1587; &#1575;&#1604;&#1604;&#1607; &#1575;&#1585;&#1608;&#1575;&#1581; &#1580;&#1605;&#1610;&#1593; &#1575;&#1604;&#1605;&#1572;&#1605;&#1606;&#1610;&#1606; /</subfield><subfield code="c">&#1578;&#1602;&#1583;&#1610;&#1605; &#1608; &#1578;&#1581;&#1602;&#1610;&#1602; &#1593;&#1576;&#1583; &#1575;&#1604;&#1605;&#1606;&#1593;&#1605; &#1605;&#1575;&#1580;&#1583;.</subfield></datafield><datafield ind1=" " ind2=" " tag="880"><subfield code="6">260-03/r</subfield><subfield code="a">[&#1575;&#1604;&#1602;&#1575;&#1607;&#1585;&#1577;] :</subfield><subfield code="b">&#1583;&#1575;&#1585; &#1575;&#1604;&#1601;&#1603;&#1585; &#1575;&#1604;&#1593;&#1585;&#1576;&#1610;&#1548;</subfield><subfield code="c">1954.</subfield></datafield><datafield ind1="1" ind2=" " tag="880"><subfield code="6">700-04/r</subfield><subfield code="a">&#1605;&#1575;&#1580;&#1583;&#1548; &#1593;&#1576;&#1583; &#1575;&#1604;&#1605;&#1606;&#1593;&#1605;.</subfield></datafield><datafield ind1=" " ind2=" " tag="959"><subfield code="a">NNU</subfield><subfield code="b">WEB</subfield><subfield code="c">GENI</subfield><subfield code="t">0</subfield><subfield code="m">Electronic access</subfield><subfield code="s">01</subfield></datafield><datafield ind1=" " ind2=" " tag="999"><subfield code="i">NNC_3072149</subfield><subfield code="o">(OCoLC)ocm06810330 </subfield></datafield></record>